%%%% HMC %%%%


@article{autocorr,
  title={Introduction to Markov Chain Monte Carlo},
  author={Geyer, Charles J},
  journal={Handbook of markov chain monte carlo},
  volume={20116022},
  pages={45},
  year={2011},
  publisher={Boca Raton}
}


 @article{Jrgensen1975TheCL,
  title={The central limit problem for geodesic random walks},
  author={Erik J{\o}rgensen},
  journal={Zeitschrift f{\"u}r Wahrscheinlichkeitstheorie und Verwandte Gebiete},
  year={1975},
  volume={32},
  pages={1-64}
}

@article{PhysRevLett.114.090601,
  title = {Minimal Model of Stochastic Athermal Systems: Origin of Non-Gaussian Noise},
  author = {Kanazawa, Kiyoshi and Sano, Tomohiko G. and Sagawa, Takahiro and Hayakawa, Hisao},
  journal = {Phys. Rev. Lett.},
  volume = {114},
  issue = {9},
  pages = {090601},
  numpages = {6},
  year = {2015},
  month = {Mar},
  publisher = {American Physical Society},
  doi = {10.1103/PhysRevLett.114.090601},
  url = {https://link.aps.org/doi/10.1103/PhysRevLett.114.090601}
}


@article{sunada1983mean,
  title={Mean-value theorems and ergodicity of certain geodesic random walks},
  author={Sunada, Toshikazu},
  journal={Compositio Mathematica},
  volume={48},
  number={1},
  pages={129--137},
  year={1983}
}

@article{HMCDuane,
  title={Hybrid monte carlo},
  author={Duane, Simon and Kennedy, Anthony D and Pendleton, Brian J and Roweth, Duncan},
  journal={Physics letters B},
  volume={195},
  number={2},
  pages={216--222},
  year={1987},
  publisher={Elsevier}
}

@article{HMCneal,
  title={MCMC using Hamiltonian dynamics},
  author={Neal, Radford M and others},
  journal={Handbook of markov chain monte carlo},
  volume={2},
  number={11},
  pages={2},
  year={2011},
  publisher={Chapman and Hall/CRC}
}

@article{NUTS,
  title={The No-U-Turn sampler: adaptively setting path lengths in Hamiltonian Monte Carlo.},
  author={Hoffman, Matthew D and Gelman, Andrew and others},
  journal={J. Mach. Learn. Res.},
  volume={15},
  number={1},
  pages={1593--1623},
  year={2014}
}

@article{generalizedHMC,
  title={A generalized guided Monte Carlo algorithm},
  author={Horowitz, Alan M},
  journal={Physics Letters B},
  volume={268},
  number={2},
  pages={247--252},
  year={1991},
  publisher={Elsevier}
}

@inproceedings{tuninggeneralizedHMC,
  title={Tuning-Free Generalized Hamiltonian Monte Carlo},
  author={Hoffman, Matthew D and Sountsov, Pavel},
  booktitle={International Conference on Artificial Intelligence and Statistics},
  pages={7799--7813},
  year={2022},
  organization={PMLR}
}

@article{conceptualHMC,
  title={A conceptual introduction to Hamiltonian Monte Carlo},
  author={Betancourt, Michael},
  journal={arXiv preprint arXiv:1701.02434},
  year={2017}
}

@article{riemannHMC,
  title={Riemann manifold langevin and hamiltonian monte carlo methods},
  author={Girolami, Mark and Calderhead, Ben},
  journal={Journal of the Royal Statistical Society: Series B (Statistical Methodology)},
  volume={73},
  number={2},
  pages={123--214},
  year={2011},
  publisher={Wiley Online Library}
}

@inproceedings{MagneticHMC,
  title={Magnetic hamiltonian monte carlo},
  author={Tripuraneni, Nilesh and Rowland, Mark and Ghahramani, Zoubin and Turner, Richard},
  booktitle={International Conference on Machine Learning},
  pages={3453--3461},
  year={2017},
  organization={PMLR}
}

@article{NonCanonicalHMC,
  title={Non-canonical Hamiltonian Monte Carlo},
  author={Brofos, James A and Lederman, Roy R},
  journal={arXiv preprint arXiv:2008.08191},
  year={2020}
}

@article{shadowHMC,
  title={A separable shadow Hamiltonian hybrid Monte Carlo method},
  author={Sweet, Christopher R and Hampton, Scott S and Skeel, Robert D and Izaguirre, Jes{\'u}s A},
  journal={The Journal of chemical physics},
  volume={131},
  number={17},
  pages={174106},
  year={2009},
  publisher={American Institute of Physics}
}

@article{HMCcontraction,
  title={Optimal Convergence Rate of Hamiltonian Monte Carlo for Strongly Logconcave Distributions},
  author={Chen, Zongchen and Vempala, Santosh S},
  journal={Theory of Computing},
  volume={18},
  number={1},
  pages={1--18},
  year={2022},
  publisher={Theory of Computing Exchange}
}

@article{NealHandbook,
  title={MCMC using Hamiltonian dynamics},
  author={Neal, Radford M and others},
  journal={Handbook of markov chain monte carlo},
  volume={2},
  number={11},
  pages={2},
  year={2011},
  publisher={Chapman and Hall/CRC}
}

@article{hoffmanGermanCredit,
  title={Neutra-lizing bad geometry in hamiltonian monte carlo using neural transport},
  author={Hoffman, Matthew and Sountsov, Pavel and Dillon, Joshua V and Langmore, Ian and Tran, Dustin and Vasudevan, Srinivas},
  journal={arXiv preprint arXiv:1903.03704},
  year={2019}
}

@article{generalizedHMCproof,
  title={On the Dissipation of Ideal Hamiltonian Monte Carlo Sampler},
  author={Jiang, Qijia},
  journal={arXiv preprint arXiv:2209.07438},
  year={2022}
}

@inproceedings{ChEES,
  title={An adaptive-mcmc scheme for setting trajectory lengths in hamiltonian monte carlo},
  author={Hoffman, Matthew and Radul, Alexey and Sountsov, Pavel},
  booktitle={International Conference on Artificial Intelligence and Statistics},
  pages={3907--3915},
  year={2021},
  organization={PMLR}
}



%%%% general sampling %%%%

@article{NummPyro,
  title={Composable effects for flexible and accelerated probabilistic programming in NumPyro},
  author={Phan, Du and Pradhan, Neeraj and Jankowiak, Martin},
  journal={arXiv preprint arXiv:1912.11554},
  year={2019}
}

@InProceedings{BIoptimization,
  title = 	 {Born-Infeld ({BI}) for {AI}: Energy-Conserving Descent ({ECD}) for Optimization},
  author =       {De Luca, Giuseppe Bruno and Silverstein, Eva},
  booktitle = 	 {Proceedings of the 39th International Conference on Machine Learning},
  pages = 	 {4918--4936},
  year = 	 {2022},
  volume = 	 {162},
  series = 	 {Proceedings of Machine Learning Research},
  month = 	 {17--23 Jul},
  publisher =    {PMLR},
  pdf = 	 {https://proceedings.mlr.press/v162/de-luca22a/de-luca22a.pdf},
  url = 	 {https://proceedings.mlr.press/v162/de-luca22a.html}
}

@article{NonEquilibrium1,
  title={Dynamical computation of the density of states and Bayes factors using nonequilibrium importance sampling},
  author={Rotskoff, Grant M and Vanden-Eijnden, Eric},
  journal={Physical review letters},
  volume={122},
  number={15},
  pages={150602},
  year={2019},
  publisher={APS}
}

@article{ESH,
  title={Hamiltonian Dynamics with Non-Newtonian Momentum for Rapid Sampling},
  author={Ver Steeg, Greg and Galstyan, Aram},
  journal={Advances in Neural Information Processing Systems},
  volume={34},
  pages={11012--11025},
  year={2021}
}

@article{proofHMC,
  title={Optimal Convergence Rate of Hamiltonian Monte Carlo for Strongly Logconcave Distributions},
  author={Chen, Zongchen and Vempala, Santosh S},
  journal={Theory of Computing},
  volume={18},
  number={1},
  pages={1--18},
  year={2022},
  publisher={Theory of Computing Exchange}
}

@article{UsingBias,
  title={Ensemble samplers with affine invariance},
  author={Goodman, Jonathan and Weare, Jonathan},
  journal={Communications in applied mathematics and computational science},
  volume={5},
  number={1},
  pages={65--80},
  year={2010},
  publisher={Mathematical Sciences Publishers}
}

@article{DLMC,
  title={Deterministic Langevin Monte Carlo with Normalizing Flows for Bayesian Inference},
  author={Grumitt, Richard DP and Dai, Biwei and Seljak, Uros},
  journal={arXiv preprint arXiv:2205.14240},
  year={2022}
}

@article{rosenbrock,
  title={An automatic method for finding the greatest or least value of a function},
  author={Rosenbrock, HoHo},
  journal={The computer journal},
  volume={3},
  number={3},
  pages={175--184},
  year={1960},
  publisher={Oxford University Press}
}

@misc{GermanCreditData,
    author = "Dua, Dheeru and Graff, Casey",
    year = "2017",
    title = "{UCI} Machine Learning Repository",
    url = "http://archive.ics.uci.edu/ml",
    institution = "University of California, Irvine, School of Information and Computer Sciences", 
    note = {Accessed on 2022-10-19}
} 

@misc{inferencegym,
  author = {Pavel Sountsov and Alexey Radul and contributors},
  title = {Inference Gym},
  url = {https://pypi.org/project/inference_gym},
  version = {0.0.4},
  year = {2020},
}




%%%% integrators %%%%

@article{variableStep,
  title={Variable step size destabilizes the St{\"o}rmer/leapfrog/Verlet method},
  author={Skeel, Robert D},
  journal={BIT Numerical Mathematics},
  volume={33},
  number={1},
  pages={172--175},
  year={1993},
  publisher={Springer}
}

@article{MolecularDynamics,
  title={Molecular dynamics},
  author={Leimkuhler, Ben and Matthews, Charles},
  journal={Interdisciplinary applied mathematics},
  volume={36},
  year={2015},
  publisher={Springer}
}

@book{GeometricNumericalIntegration,
  title={Geometric Numerical integration: structure-preserving algorithms for ordinary differential equations},
  author={Haier, Ernst and Lubich, Christian and Wanner, Gerhard},
  year={2006},
  publisher={Springer}
}

@book{SimulatingHamiltonianDynamics,
  title={Simulating hamiltonian dynamics},
  author={Leimkuhler, Benedict and Reich, Sebastian},
  number={14},
  year={2004},
  publisher={Cambridge university press}
}

@article{ExtendedPhaseSpace,
  title={Explicit methods in extended phase space for inseparable Hamiltonian problems},
  author={Pihajoki, Pauli},
  journal={Celestial Mechanics and Dynamical Astronomy},
  volume={121},
  number={3},
  pages={211--231},
  year={2015},
  publisher={Springer}
}

@article{ExtendedPhaseSpaceHarmonic,
  title={Explicit symplectic approximation of nonseparable Hamiltonians: Algorithm and long time performance},
  author={Tao, Molei},
  journal={Physical Review E},
  volume={94},
  number={4},
  pages={043303},
  year={2016},
  publisher={APS}
}

@article{SymmetricProjection,
  title={Semiexplicit Symplectic Integrators for Non-separable Hamiltonian Systems},
  author={Jayawardana, Buddhika and Ohsawa, Tomoki},
  journal={arXiv preprint arXiv:2111.10915},
  year={2021}
}

@article{IterativeLeapfrog,
  title={Lagrangian molecular dynamics using selected conformational degrees of freedom, with application to the pseudorotation dynamics of furanose rings},
  author={Rudnicki, Witold R and Lesyng, Bogdan and Harvey, Stephen C},
  journal={Biopolymers: Original Research on Biomolecules},
  volume={34},
  number={3},
  pages={383--392},
  year={1994},
  publisher={Wiley Online Library}
}

@article{MinimalNorm,
  title={Symplectic analytically integrable decomposition algorithms: classification, derivation, and application to molecular dynamics, quantum and celestial mechanics simulations},
  author={Omelyan, IP and Mryglod, IM and Folk, R},
  journal={Computer Physics Communications},
  volume={151},
  number={3},
  pages={272--314},
  year={2003},
  publisher={Elsevier}
}

@article{MinimalNormQCD,
  title={Testing and tuning symplectic integrators for the hybrid Monte Carlo algorithm in lattice QCD},
  author={Takaishi, Tetsuya and De Forcrand, Philippe},
  journal={Physical Review E},
  volume={73},
  number={3},
  pages={036706},
  year={2006},
  publisher={APS}
}

@article{billiards,
  title={Chaotic billiards, volume 127 of Mathematical Surveys and Monographs},
  author={Chernov, Nikolai and Markarian, Roberto},
  journal={American Mathematical Society, Providence, RI},
  year={2006}
}




%%%% proof %%%%

@article{SphereRandomWalk,
  title={Random walk on a sphere and on a Riemannian manifold},
  author={Roberts, Paul Harry and Ursell, Harold Douglas},
  journal={Philosophical Transactions of the Royal Society of London. Series A, Mathematical and Physical Sciences},
  volume={252},
  number={1012},
  pages={317--356},
  year={1960},
  publisher={The Royal Society London}
}
@article{ManifoldRandomWalk,
  title={Semi-classical analysis of a random walk on a manifold},
  author={Lebeau, Gilles and Michel, Laurent},
  journal={The Annals of Probability},
  volume={38},
  number={1},
  pages={277--315},
  year={2010},
  publisher={Institute of Mathematical Statistics}
}

@misc{valva2019manifolds,
  title={ON MANIFOLDS OF NEGATIVE CURVATURE, GEODESIC FLOW, AND ERGODICITY},
  author={Valva, Claire},
  year={2019},
  url={https://www.math.uchicago.edu/~may/REU2019/REUPapers/Valva.pdf},
  note = {Accessed on 2022-10-19}
}

@book{krylov,
  title={Works on the Foundations of Statistical Physics},
  author={Krylov, N.S. and Migdal, A.B. and Sinai, Y.G. and Zeeman, Y.L.},
  isbn={9780608064949},
  lccn={78070611},
  series={Princeton Series in Physics},
  year={1979},
  publisher={Books on Demand}
}

@article{gibbons2015jacobi,
  title={The Jacobi metric for timelike geodesics in static spacetimes},
  author={Gibbons, GW},
  journal={Classical and Quantum Gravity},
  volume={33},
  number={2},
  pages={025004},
  year={2015},
  publisher={IOP Publishing}
}

@book{pettini2007geometry,
  title={Geometry and topology in Hamiltonian dynamics and statistical mechanics},
  author={Pettini, Marco},
  volume={33},
  year={2007},
  publisher={Springer Science \& Business Media}
}

@article{di2021hamiltonian,
  title={Hamiltonian chaos and differential geometry of configuration space--time},
  author={Di Cairano, Loris and Gori, Matteo and Pettini, Giulio and Pettini, Marco},
  journal={Physica D: Nonlinear Phenomena},
  volume={422},
  pages={132909},
  year={2021},
  publisher={Elsevier}
}
  
 @article{seiler2014positive,
  title={Positive curvature and hamiltonian monte carlo},
  author={Seiler, Christof and Rubinstein-Salzedo, Simon and Holmes, Susan},
  journal={Advances in Neural Information Processing Systems},
  volume={27},
  year={2014}
}

@article{PhysRevLett.77.2941,
  title = {Chaotic Focusing Billiards in Higher Dimensions},
  author = {Bunimovich, L. and Casati, G. and Guarneri, I.},
  journal = {Phys. Rev. Lett.},
  volume = {77},
  issue = {14},
  pages = {2941--2944},
  numpages = {0},
  year = {1996},
  month = {Sep},
  publisher = {American Physical Society},
  doi = {10.1103/PhysRevLett.77.2941},
  url = {https://link.aps.org/doi/10.1103/PhysRevLett.77.2941}
}




%%%% random %%%%

@misc{HierarchicalWebsite,
  author = {Betancourt, Michael},
  title = {Hierarchical Modeling},
  year = 2020,
  url = {https://betanalpha.github.io/assets/case_studies/hierarchical_modeling.html},
  note = {Accessed on 2022-10-19}
}

@article{Mathis:2020vdn,
    author = "Mathis, Dayshon and Mousatov, Alexandros and Panagopoulos, George and Silverstein, Eva",
    title = "{A new branch of inflationary speed limits}",
    eprint = "2010.00113",
    archivePrefix = "arXiv",
    primaryClass = "hep-th",
    doi = "10.1007/JHEP10(2021)199",
    journal = "JHEP",
    volume = "10",
    pages = "199",
    year = "2021"
}

@article{typical_set1,
  title={Elements of information theory 2nd edition (wiley series in telecommunications and signal processing)},
  author={Cover, Thomas M and Thomas, Joy A},
  journal={Acessado em},
  year={2006}
}

@book{typical_set2,
  title={Information theory, inference and learning algorithms},
  author={MacKay, David JC and Mac Kay, David JC and others},
  year={2003},
  publisher={Cambridge university press}
}

@article{noether,
author = {Noether, E.},
journal = {Nachrichten von der Gesellschaft der Wissenschaften zu Göttingen, Mathematisch-Physikalische Klasse},
language = {ger},
pages = {235-257},
title = {Invariante Variationsprobleme},
url = {http://eudml.org/doc/59024},
volume = {1918},
year = {1918},
}


